
@book{Brumberg,
	AUTHOR={Brumberg, Victor A.},
	TITLE={Essential Relativistic Celestial Mechanics},
	PUBLISHER={Adam Hilger},
	YEAR={1991},
}


@book{Theoryandexperiments,
	AUTHOR={Cliffornd M. Will},
	TITLE={Theory and Experiment in Gravitational Physics},
	PUBLISHER={Cambridge University Press},
	YEAR={2018},
}


@book{GravityPoisson,
	AUTHOR={Eric Poisson and Cliffornd M. Will},
	TITLE={Gravity: Newtonian, Post-Newtonian, Relativistic},
	PUBLISHER={Cambridge University Press},
	YEAR={2014},
}

@book{Weinberg,
	AUTHOR={Steven Weinberg},
	TITLE={Gravitation and Cosmology: Principles and Applications of the General Theory of Relativity.},
	PUBLISHER={John Wiley \& Sons},
	YEAR={1972},
}

@book{Wald,
	AUTHOR={Robert M. Wald},
	TITLE={General Relativity.},
	PUBLISHER={The University of Chicago Press},
	YEAR={1984},
}

@book{Misner,
	AUTHOR={Charles W. Misner and Kip S. Thorne and John A. Wheeler},
	TITLE={Gravitation.},
	PUBLISHER={W.H Freeman and Company},
	YEAR={1973},
}

@book{Carrol,
	AUTHOR={Sean Carrol},
	TITLE={Spacetime and Geometry: An Introduction to General Relativity},
	PUBLISHER={Addison Wesley, Pearson Education},
	YEAR={2004},
}

@book{Landau,
	AUTHOR={L. D. Landau and E. M. Lifshitz},
	TITLE={The Classical Theory of Fields},
	PUBLISHER={Pergamon Press},
	YEAR={1971},
}


@book{Kopeikin,
	AUTHOR={Sergei Kopeikin and Michael Efroimsky and George Kaplan},
	TITLE={
	Relativistic Celestial Mechanics of the Solar System},
	PUBLISHER={Wiley-VCH},
	YEAR={2006},
}


@book{Soffel,
	AUTHOR={Michael H. Soffel},
	TITLE={
	Relativity in Astrometry, Celestial  Mechanics and Geodesy},
	PUBLISHER={Springer},
	YEAR={1989},
}

@book{Larranaga,
	AUTHOR={Eduard Alexis Larrañaga},
	TITLE={
	An Introduction to Relativistic Celestial Mechanics},
	PUBLISHER={Notas},
	YEAR={2020},
}

@book{Adler,
	AUTHOR={Ronald Adler and Maurice Bazin and Menahem Schiffer},
	TITLE={Introduction to General Relativity},
	PUBLISHER={McGraw-Hill Kogakusha},
	YEAR={1975},
}

@ARTICLE{Sergeiclassical,
       author = {{Klioner}, Sergei A.},
        title = {Lectures Notes on Basic Celestial Mechanics},
      journal = {arXiv e-prints},
     keywords = {Astrophysics - Instrumentation and Methods for Astrophysics},
         year = 2016,
        month = sep,
          eid = {arXiv:1609.00915},
        pages = {arXiv:1609.00915},
archivePrefix = {arXiv},
       eprint = {1609.00915},
 primaryClass = {astro-ph.IM},
       adsurl = {https://ui.adsabs.harvard.edu/abs/2016arXiv160900915K},
      adsnote = {Provided by the SAO/NASA Astrophysics Data System}
}


@book{Raine,
	AUTHOR={Derek Raine and Edwin Thomas},
	TITLE={Black Holes: An Introduction 2nd ed},
	PUBLISHER={Imperial College Press},
	YEAR={2009},
}


@book{Frolov,
	AUTHOR={Valeri P. Frolov and Igor D. Novikov},
	TITLE={Black Holes Physics: Basic Concepts and New Developments},
	PUBLISHER={Springer},
	YEAR={1997},
}

@book{Bambi,
	AUTHOR={Cosimo Bambi},
	TITLE={Black Holes: A Laboratory for Testing Strong Gravity},
	PUBLISHER={Springer},
	YEAR={2017},
}

@book{Straumann,
	AUTHOR={Norbert Straumann},
	TITLE={General Relativity. 2nd ed.},
	PUBLISHER={Springer},
	YEAR={2013},
}

@book{Newtondynamics,
	AUTHOR={Richard Fitzpatrick},
	TITLE={Newtonian Dynamics},
	PUBLISHER={The University of Texas at Austin},
	YEAR={Lecture Notes},
}

@article{johnandcoulter,
    author =       "John H. Young and C. Alton Coulter",
    title =        "Exact Metric for a Nonrotating Mass with a Quadrupole Moment",
    journal =      "Physical Review",
    volume =       "184",
    number =       "5",
    pages =        "1313–1315",
    year =         "1969",
    DOI =          "doi:10.1103/physrev.184.1313"
}


@article{erezandrosen,
    author =       "G. Erez and N. Rosen",
    title =        "The Gravitational Field Of A Particle Possessing A Multipole Moment",
    journal =      "Bull. Research Council Israel",
    volume =       "8F",
    number =       "47",
    year =         "1959"
}

@book{Goldstain,
	AUTHOR={Herbert Goldstein and Charles Poole and John Safko},
	TITLE={Classical Mechanics. Third Edition.},
	PUBLISHER={Addison Wesley},
	YEAR={2001},
}

@book{Clarke,
	AUTHOR={A.E. Roy and D. Clarke},
	TITLE={Astronomy: Principles and Practice, Fourth Edition.},
	PUBLISHER={Taylor \& Francis},
	YEAR={2003},
}


@article{quadrupolevalue,
    author =      "Pini Gurfil",
    title =        "Effect of Equinoctial Precession on Geosynchronous Earth Satellites",
    journal =      "Journal of Guidance, Control, and Dynamics",
    volume =       "30",
    number =       "1",
    year =         "2007",
    DOI = "DOI: 10.2514/1.21479"
}

@book{satellite,
	AUTHOR={Joseph N. Pelton and John Howkins},
	TITLE={Satellites International.},
	PUBLISHER={Stockton Press},
	YEAR={1988},
}

@book{satellitehandbook,
	AUTHOR={Joseph N. Pelton and Scott Madry},
	TITLE={Handbook of Satellite Applications.},
	PUBLISHER={Springer International Publishing},
	YEAR={2017},
}



